<record><leader>00000cas a22000007a 4500</leader><controlfield tag="001">12011986</controlfield><controlfield tag="008">850508d18741875wiuwr ne      0    0ger d</controlfield><datafield ind1=" " ind2=" " tag="010"><subfield code="a">sn 85040591 </subfield></datafield><datafield ind1=" " ind2=" " tag="040"><subfield code="a">NPV</subfield><subfield code="b">eng</subfield><subfield code="c">NPV</subfield><subfield code="d">OCLCQ</subfield></datafield><datafield ind1=" " ind2=" " tag="042"><subfield code="a">msc</subfield></datafield><datafield ind1="0" ind2=" " tag="130"><subfield code="a">Wisconsin Staats-Zeitung (Green Bay, Wis. : 1874)</subfield></datafield><datafield ind1="1" ind2="0" tag="245"><subfield code="a">Wisconsin Staats-Zeitung.</subfield></datafield><datafield ind1=" " ind2=" " tag="260"><subfield code="a">Green Bay, Wis. :</subfield><subfield code="b">[Valentin Burkhard],</subfield><subfield code="c">1874-1875.</subfield></datafield><datafield ind1=" " ind2=" " tag="300"><subfield code="a">2 v :</subfield><subfield code="b">ill. (chiefly advertisements)</subfield></datafield><datafield ind1=" " ind2=" " tag="310"><subfield code="a">Weekly</subfield></datafield><datafield ind1="0" ind2=" " tag="362"><subfield code="a">Erster Jahrg., no. 1 (16. Juli 1874)-Erster Jahrg., No. 52 (8. Juli 1875) ; Achter Jahrg., No. 1 (15. Juli 1875)-Achter Jahrg., No. 3 (29. Juli 1875).</subfield></datafield><datafield ind1=" " ind2=" " tag="752"><subfield code="a">United States</subfield><subfield code="b">Wisconsin</subfield><subfield code="c">Brown</subfield><subfield code="d">Green Bay.</subfield></datafield><datafield ind1="0" ind2="4" tag="785"><subfield code="t">Concordia (Green Bay, Wis.)</subfield><subfield code="w">(DLC)sn 85040590</subfield></datafield></record>